
@book{book,
      author = "E. Hecht", 
      title =  " Óptica.", 
      publisher = "Addison Wesley",
      year= "2000"
}

 
@book{Manual,
    author = "Barrios B. Erick; Hernández C. Arnaldo",
    title = "Polarización",
    year = "2022"

}
@book{pagina,
    author = "M Olmo R Nave",
    title = "Polarization by Reflection",
    publisher = "http://hyperphysics.phy-astr.gsu.edu/hbasees/phyopt/Fermat.html",
    year = "2022
