
@book{book,
      author = "E. Hecht", 
      title =  " Óptica.", 
      publisher = "Addison Wesley",
      year= "2000"
}

@book{indices,
       author ="M. Polyanskiy", 
       title = "Refractive index database.",
       publisher = "http://refractiveindex.info/",
       year ="2008-2020."
}
 
@book{Manual,
    author = "Barrios B. Erick; Hernández C. Arnaldo",
    title = "Dispersión y Espectroscopia",
    year = "2022"

}
@book{beiser,
      author = "Arthur Beiser",
      title = "Concepts of Modern Physics",
      publisher = "Mc-Graw-Hill",
      year = "2003",
      }

@article{Libro,
author = "Petrucci Ralph H., Herring F. Geoffrey, Madura Jeffry D., Bissonnette Carey",
title ="Química General",
publisher = " PEARSON EDUCATION, S.A.",
year = "2011",
}

@book{Flamitas,
    author = "Begoña Ñuñez de la Plaza",
    title = "Espectros átomicos y ensayos a la llama",
    year = "Fecha de consulta 12 de Mayo de 2022"