
@book{book,
      author = "E. Hecht", 
      title =  " Óptica.", 
      publisher = "Addison Wesley",
      year= "2000"
}


 
@book{Manual,
    author = "Barrios B. Erick; Hernández C. Arnaldo",
    title = "Interferencia y Difracción",
    year = "2022"

}
@book{pagina,
    author = "M Olmo R Nave",
    title = "Geometría de la Difracción de Fraunhofer",
    publisher = "http://hyperphysics.phy-astr.gsu.edu/hbasees/phyopt/fraungeo.html",
    year = "2022

}