@book{book,
      author = "Frank L. Pedrotti, Leno M. Pedrotti, Leno S. Pedrotti.", 
      title =  "Introduction to Optics", 
      publisher = "Cambridge University Press",
      year= "2018"


}
@book{Manual,
    author = "Barrios B. Erick; Hernández C. Arnaldo",
    title = "Reflexión y Refracción",
    year = "2022"

}


@book{pagina,
    author = "M Olmo R Nave",
    title = "Reflection and Refraction laws",
    publisher = "http://hyperphysics.phy-astr.gsu.edu/hbasees/phyopt/Fermat.html",
    year = "2022"
}
 @book{hipotesis,
       author ="The State Education Department", 
       title = "Edition Reference Table for Physical Science Setting",
       year ="2002"
}


