@book{Manual,
    author = "Barrios B. Erick; Hernández C. Arnaldo",
    title = "Espejos",
    year = "2022"

}

@book{book,
 author = "R.A. Serway, R.J. Beichner",
    title = "Física para ciencias e ingeniería.",
    publisher = "McGraw-Hill",
    year = "2002"
}

@book{article,
    author = "Sameen Ahmed Khan",
    title = "Coordinate Geometric Generalization of the Spherometer and Cylindrometer.",
    publisher = "arXiv:1311.3602.",
    year = "2015"
}


