
@book{book,
      author = "E. Hecht", 
      title =  " Óptica.", 
      publisher = "Addison Wesley",
      year= "2000"
}
 @book{Manual,
    author = "Barrios B. Erick; Hernández C. Arnaldo",
    title = "Lentes",
    year = "2022"

}
@book{article,
      author = "Uladzimir Kasacheuski",
      title = "Lenses and Lens Systems",
      publisher="Indiana University - Purdue University Indianapolis"
      year = "2017",
}
