@article{RevMexFis,
    author = "Moreno Corral M.A.",
    title = "Primeras mediciones precisas de la gravedad hechas en México",
    year = "2014",
    publisher = "Revista Méxicana de Física.",
    DOI = "https://rmf.smf.mx/ojs/index.php/rmf-e/article/view/4711"
}

@book{Finn,
    author = "Edward J. Finn; Alonso Marcelo",
    title = "FISICA VOL I: Mecánica",
    publisher = "Fondo Educativo Interamericano",
    year = "1994"
}

@book{Manual,
    author = "Barrios B. Erick; Hernández C. Arnaldo",
    title = "Incertidumbres y análisis gráfico de mediciones",
    year = "2022"

}