
@book{book,
      author = "E. Hecht", 
      title =  " Óptica.", 
      publisher = "Addison Wesley",
      year= "2000"
}


 
@book{Manual,
    author = "Barrios B. Erick; Hernández C. Arnaldo",
    title = "Medición del índice de refracción",
    year = "2022"

}

