@book{Manual,
    author = "Barrios B. Erick; Hernández C. Arnaldo",
    title = "Radiorimetría",
    year = "2022"

}


@book{book,
    author = "Ross M. William",
    title = "Introduction to Radiometry and Photometry",
    publisher = "Artech House",
    year = "1994"
}

@book{ManualP1,
    author = "Barrios B. Erick; Hernández C. Arnaldo",
    title = "Incertidumbres y análisis gráfico de mediciones",
    year = "2022"

}
@book{Reporte,
     author = "Diego Marín Naranjo",
     title = "Análisis de la ley de cuadrado inverso para medición práctica de iluminancia",
     year = "2009"
}

